@inproceedings{NBstudy,
  title={An empirical study of the naive Bayes classifier},
  author={Rish, Irina},
  booktitle={IJCAI 2001 workshop on empirical methods in artificial intelligence},
  volume={3},
  number={22},
  pages={41--46},
  year={2001},
  organization={IBM New York}
}

@incollection{PersoNews,
year={2006},
isbn={978-3-540-48287-1},
booktitle={On the Move to Meaningful Internet Systems 2006: CoopIS, DOA, GADA, and ODBASE},
volume={4275},
series={Lecture Notes in Computer Science},
editor={Meersman, Robert and Tari, Zahir},
doi={10.1007/11914853_62},
title={PersoNews: A Personalized News Reader Enhanced by Machine Learning and Semantic Filtering},
url={http://dx.doi.org/10.1007/11914853_62},
publisher={Springer Berlin Heidelberg},
author={Banos, E. and Katakis, I. and Bassiliades, N. and Tsoumakas, G. and Vlahavas, I.},
pages={975-982},
language={English}
}

@book{IIR,
 author = {Manning, Christopher D. and Raghavan, Prabhakar and Sch\"{u}tze, Hinrich},
 title = {Introduction to Information Retrieval},
 year = {2008},
 isbn = {0521865719, 9780521865715},
 publisher = {Cambridge University Press},
 address = {New York, NY, USA},
}

@article{scikit-learn,
 title={Scikit-learn: Machine Learning in {P}ython},
 author={Pedregosa, F. and Varoquaux, G. and Gramfort, A. and Michel, V.
         and Thirion, B. and Grisel, O. and Blondel, M. and Prettenhofer, P.
         and Weiss, R. and Dubourg, V. and Vanderplas, J. and Passos, A. and
         Cournapeau, D. and Brucher, M. and Perrot, M. and Duchesnay, E.},
 journal={Journal of Machine Learning Research},
 volume={12},
 pages={2825--2830},
 year={2011}
}

@INPROCEEDINGS{nbindependence,
    author = {David D. Lewis},
    title = {Naive (Bayes) at Forty: The Independence Assumption in Information Retrieval},
    booktitle = {},
    year = {1998},
    pages = {4--15},
    publisher = {Springer Verlag}
}

@incollection{bw_statistik,
year={2010},
isbn={978-3-642-02666-9},
booktitle={Basiswissen Statistik},
series={Springer-Lehrbuch},
doi={10.1007/978-3-642-02667-6_2},
title={Wahrscheinlichkeitsrechnung},
url={http://dx.doi.org/10.1007/978-3-642-02667-6_2},
publisher={Springer Berlin Heidelberg},
author={Steland, Ansgar},
pages={69-136},
language={German}
}

@book{datamining,
  author = {Witten, Ian H. and Frank, Eibe},
  edition = {3rd},
  publisher = {Morgan Kaufmann},
  series = {Morgan Kaufmann Series in Data Management Systems},
  title = {Data Mining: Practical Machine Learning Tools and Techniques},
  year = 2011
}

@book{murphy,
title = {Machine learning: a probabilistic perspective},
author  = {Kevin P Murphy},
year  = 2012,
address = {Cambridge, MA}
}

@book{nltk,
  abstract = {This is an introduction to natural language processing, which supports a variety of language technologies, from predictive text and email filtering to automatic summarization and translation.},
  added-at = {2013-11-17T16:27:49.000+0100},
  address = {Beijing; Cambridge [Mass.]},
  author = {Bird, Steven and Klein, Ewan and Loper, Edward},
  biburl = {http://www.bibsonomy.org/bibtex/25ac7b095f014368e0f7adba61854cb0c/filologanoga},
  interhash = {f7b7682ab5a7c7645b21bdb703d4a2ce},
  intrahash = {5ac7b095f014368e0f7adba61854cb0c},
  isbn = {9780596516499 0596516495},
  keywords = {ClassicsNLP howto inComputatro programming},
  publisher = {O'Reilly},
  refid = {301885973},
  timestamp = {2013-11-17T16:27:49.000+0100},
  title = {Natural language processing with Python},
  url = {http://www.worldcat.org/search?qt=worldcat_org_all&q=9780596516499},
  year = 2009
}
